@ARTICLE{ARTICLE:1,
    AUTHOR="Maximiliano Martín Aballay; Natalia Cristina Aguirre; Carla Valeria Filippi; Gabriel Hugo Valentini; Gerardo Sánchez",
    TITLE="Fine-tuning the performance of ddRAD-seq in the peach genome",
    JOURNAL="Scientific Reports",
    YEAR="2021",
}

@ARTICLE{ARTICLE:2,
    AUTHOR="T. Dhikhi; Allagada Naga Suhas; Gosula Ramakanth Reddy; Kanadam Chandu Vardhan",
    TITLE="Measuring Size of an Object using Computer Vision",
    JOURNAL="International Journal of Innovative Technology and Exploring Engineering (IJITEE)",
    YEAR="2019",
}

@ARTICLE{ARTICLE:3,
    AUTHOR="Jose Luis Osorio Naranjo",
    TITLE="VIABILIDAD IDENTIFICACIÓN DE ESTADOS FENOLOGICOS EN LA ROSA APLICANDO ALGORITMOS DE RECONOCIMIENTO DE IMAGENES",
    JOURNAL="UNIVERSIDAD EAFIT",
    YEAR="2019",
}

@ARTICLE{ARTICLE:4,
    AUTHOR="G. Li; L. Fu; C. Gao; W. Fang; G. Zhao; F. Shi, J. Dhupia; K. Zhao; R. Li; Y. Cui",
    TITLE="Multi-class detection of kiwifruit flower and its distribution identification in orchard based on YOLOv5l and euclidean distance",
    JOURNAL="Comput. Electron. Agric.",
    YEAR="2022",
}

@ARTICLE{ARTICLE:5,
    AUTHOR="G. Li; R. Suo; G. Zhao; C. Gao; L. Fu; F. Shi; J. Dhupia; R. Li; Y. Cui",
    TITLE="Real-time detection of kiwifruit flower and bud simultaneously in orchard using YOLOv4 for robotic pollination",
    JOURNAL="Comput. Electron. Agric.",
    YEAR="2022",
}

@ARTICLE{ARTICLE:6,
    AUTHOR="D. Oñoro-Rubio; R.J. López-Sastre",
    TITLE="Towards perspective-free object counting with deep learning",
    JOURNAL="Computer Vision ECCV 2016, Springer International Publishing",
    YEAR="2016",
}

@ARTICLE{ARTICLE:7,
    AUTHOR="Y. Tian; X. Chu; H. Wang",
    TITLE="Cctrans: simplifying and improving crowd counting with transformer",
    JOURNAL="Computer Vision and Pattern Recognition (cs.CV)",
    YEAR="2021",
}

@ARTICLE{ARTICLE:8,
    AUTHOR="Sergio Hernán Valenzuela Cámara",
    TITLE="Detección y Clasificación de Enfermedades en el Tomate Mediante Deep Learning y Computer Vision",
    JOURNAL="Universidad Nacional de La Plata Facultad de Informática",
    YEAR="2021",
}

@ARTICLE{ARTICLE:9,
    AUTHOR="Shaoqing Ren; Kaiming He; Ross Girshick; Jian Sun",
    TITLE="Faster R-CNN: Towards Real-Time Object Detection with Region Proposal Networks",
    JOURNAL="Advances in neural information processing systems",
    YEAR="2015",
}

@ARTICLE{ARTICLE:10,
    AUTHOR="Ross Girshick",
    TITLE="Fast R-CNN",
    JOURNAL="Computer Vision Foundation",
    YEAR="2015",
}

@ARTICLE{ARTICLE:11,
    AUTHOR="Shahid Karim; Ye Zhang; Shoulin Yin; Irfana Bibi; Ali Anwar Brohi",
    TITLE="A brief review and challenges of object detection in optical remote sensing imagery",
    JOURNAL="Multiagent and Grid Systems An International Journal ",
    YEAR="2020",
}

@ARTICLE{ARTICLE:12,
    AUTHOR="Aditya Lohia; Kalyani Dhananjay Kadam; Rahul Raghvendra Joshi; Dr. Anupkumar M. Bongale",
    TITLE="Bibliometric Analysis of One-stage and Two-stage Object Detection",
    JOURNAL="University of Nebraska - Lincoln",
    YEAR="2021",
}

@ARTICLE{ARTICLE:13,
    AUTHOR="Joseph Redmon; Santosh Divvala; Ross Girshick; Ali Farhadi",
    TITLE="You Only Look Once: Unified, Real-Time Object Detection",
    JOURNAL="Computer Vision and Pattern Recognition",
    YEAR="2015",
}

@ARTICLE{ARTICLE:14,
    AUTHOR="Wei Liu; Dragomir Anguelov; Dumitru Erhan; Christian Szegedy; Scott Reed; Cheng-Yang Fu; Alexander C. Berg",
    TITLE="SSD: Single Shot MultiBox Detector",
    JOURNAL="Computer Vision and Pattern Recognition",
    YEAR="2015",
}

@ARTICLE{ARTICLE:15,
    AUTHOR="Tsung-Yi Lin; Priya Goyal; Ross Girshick; Kaiming He; Piotr Dollár",
    TITLE="Focal Loss for Dense Object Detection",
    JOURNAL="Computer Vision and Pattern Recognition",
    YEAR="2017",
}

@ARTICLE{ARTICLE:16,
    AUTHOR="Bichen Wu; Alvin Wan; Forrest Iandola; Peter H. Jin; Kurt Keutzer",
    TITLE="SqueezeDet: Unified, Small, Low Power Fully Convolutional Neural Networks for Real-Time Object Detection for Autonomous Driving",
    JOURNAL="Computer Vision and Pattern Recognition",
    YEAR="2016",
}

@MISC{WEBSITE:1,
	HOWPUBLISHED = "\url{https://www.mendozapost.com/sociedad/lujan-y-tunuyan-las-zonas-mas-afectadas-por-las-heladas-tardias/}",
	AUTHOR = "DEBORAH PUEBLA",
	TITLE = "lujan-y-tunuyan-las-zonas-mas-afectadas-por-las-heladas-tardias",
	MONTH = "10",
	YEAR = "2023",
	URLDATE = {2023-10-12}
}

@MISC{WEBSITE:2,
	HOWPUBLISHED = "\url{https://es.mathworks.com/discovery/convolutional-neural-network.html}",
	AUTHOR = "The MathWorks, Inc.",
	TITLE = "¿Qué son las redes neuronales convolucionales?",
	MONTH = "03",
	YEAR = "2024",
	URLDATE = {2024-03-26}
}

@MISC{WEBSITE:3,
	HOWPUBLISHED = "\url{https://dcain.etsin.upm.es/~carlos/bookAA/05.7_RRNN_Convoluciones_CIFAR_10_INFORMATIVO.html}",
	AUTHOR = "Departamento de Matemática Aplicada",
	TITLE = "Redes Neuronales Convoluciones",
	MONTH = "03",
	YEAR = "2024",
	URLDATE = {2024-03-26}
}

@MISC{WEBSITE:4,
	HOWPUBLISHED = "\url{https://www.ibm.com/es-es/topics/convolutional-neural-networks}",
	AUTHOR = "IBM",
	TITLE = "¿Qué son las redes neuronales convolucionales?",
	MONTH = "03",
	YEAR = "2024",
	URLDATE = {2024-03-26}
}

@MISC{WEBSITE:5,
	HOWPUBLISHED = "\url{https://www.datacamp.com/es/blog/yolo-object-detection-explained}",
	AUTHOR = "Zoumana Keita",
	TITLE = "¿Qué son las redes neuronales convolucionales?",
	MONTH = "03",
	YEAR = "2024",
	URLDATE = {2024-03-27}
}

@MISC{WEBSITE:6,
	HOWPUBLISHED = "\url{https://la.mathworks.com/discovery/object-detection.html}",
	AUTHOR = "The MathWorks, Inc.",
	TITLE = "Object Detection",
	MONTH = "03",
	YEAR = "2024",
	URLDATE = {2024-03-27}
}

@MISC{WEBSITE:7,
	HOWPUBLISHED = "\url{https://www.datacamp.com/blog/yolo-object-detection-explained}",
	AUTHOR = "Zoumana Keita",
	TITLE = "YOLO Object Detection Explained",
	MONTH = "09",
	YEAR = "2022",
	URLDATE = {2024-04-01}
}

@MISC{WEBSITE:8,
	HOWPUBLISHED = "\url{https://www.researchgate.net/profile/Alireza-Ghaffari-14/publication/347863856}",
	AUTHOR = "Alireza Ghaffari; Yvon Savaria",
	TITLE = "CNN2Gate: An Implementation of Convolutional Neural Networks Inference on FPGAs with Automated Design Space Exploration",
	MONTH = "12",
	YEAR = "2020",
	URLDATE = {2024-04-02}
}

@BOOK{BOOK:1,
    AUTHOR="John Doe",
    TITLE="The Book without Title",
    PUBLISHER="Dummy Publisher",
    YEAR="2100",
}

@INBOOK{BOOK:2,
    AUTHOR="John Doe",
    TITLE="The Book without Title",
    PUBLISHER="Dummy Publisher",
    YEAR="2100",
    PAGES="100-200",
}

@MISC{WEBSITE:10,
	HOWPUBLISHED = "\url{http://example.com}",
	AUTHOR = "Intel",
	TITLE = "Example Website",
	MONTH = "12",
	YEAR = "1988",
	URLDATE = {2012-11-26}
}

@MANUAL{dallas:ds18b20,
    organization  = "Dallas Semiconductor",
    title         = "DS18B20 Programmable Resolution 1-Wire Digital Thermometer",
    number        = "050400",
    year          =  2015,
    note          = "Rev. 3"
}

@book{teton2003,
	title={Gu{\'\i}a t{\'e}cnica de la acuariofilia},
	author={Teton, J.},
	isbn={9788489840249},
	series={Gu{\'\i}as t{\'e}cnicas},
	url={https://books.google.com.ar/books?id=6vrjovWkQicC},
	year={2003},
	publisher={Tursen S.A. - H. Blume}
}

@book{IEEE:citation,
	author={IEEE},
	title={IEEE Citation Reference},
	edition={1},
	url={http://www.ieee.org/documents/ieeecitationref.pdf},
	urldate={2016-9-26},
	publisher={IEEE Publications},
	year={2016}
}

@misc{CIAA,
	author = {{Proyecto CIAA}},
	title = {Computadora Industrial Abierta Argentina},
	url = {http://proyecto-ciaa.com.ar/devwiki/doku.php?id=start},
	note = {Visitado el 2016-06-25},
	year = {2014}
}

@MISC{lpcopen,
   author =	{{NXP Semiconductors}},
   title =	{LPCOPEN v2.16 Drivers, Middleware and Examples},
   url =	{http://www.nxp.com/products/microcontrollers-and-processors/arm-processors/lpc-cortex-m-mcus/software-tools/lpcopen-libraries-and-examples:LPC-OPEN-LIBRARIES},
   note =	{Disponible: 2016-06-25},
 }
 
@MISC{contrib,
	author =	{{Savannah}},
	title =	{lwIP - A Lightweight TCP/IP stack},
	url =	{http://git.savannah.gnu.org/cgit/lwip/lwip-contrib.git},
	note =	{Disponible: 2016-06-25},
 }

@MISC{webserver,
	author =	{{Savannah}},
	title =	{lwIP - Wiki - Sample Web Server},
	url =	{ http://lwip.wikia.com/wiki/Sample_Web_Server},
	note =	{Disponible: 2016-06-25}
 } 
 


@MISC{sensor_pH,
   author =	{dfRobot},
   title =	{PH meter(SKU: SEN0161)},
   url =	{http://www.dfrobot.com/wiki/index.php?title=PH_meter(SKU:_SEN0161)},
   note =	{Disponible: 2016-06-25},
}

@misc{rfc2616,
	series =	{Request for Comments},
	number=		2616,
	howpublished=	{RFC 2616},
	publisher =	{RFC Editor},
	doi =		{10.17487/rfc2616},
	url =		{https://rfc-editor.org/rfc/rfc2616.txt},
	author=		{Jeffrey Mogul and Larry M Masinter and Roy T. Fielding and Jim Gettys and Paul J. Leach and Tim Berners-Lee},
	title=		{{Hypertext Transfer Protocol -- HTTP/1.1}},
	pagetotal =	176,
	year =		2013,
	month =		3,
	day =		2,
	abstract =	{HTTP has been in use by the World-Wide Web global information initiative since 1990. This specification defines the protocol referred to as &quot;HTTP/1.1&quot;, and is an update to RFC 2068. [STANDARDS-TRACK]},
}

@misc{rfc3875,
	series =	{Request for Comments},
	number=		3875,
	howpublished=	{RFC 3875},
	publisher =	{RFC Editor},
	doi =		{10.17487/rfc3875},
	url =		{https://rfc-editor.org/rfc/rfc3875.txt},
	author=		{David Robinson},
	title=		{{The Common Gateway Interface (CGI) Version 1.1}},
	pagetotal =	36,
	year =		2013,
	month =		mar,
	day =		20,
	abstract =	{The Common Gateway Interface (CGI) is a simple interface for running external programs, software or gateways under an information server in a platform-independent manner. Currently, the supported information servers are HTTP servers.},
}

@misc{rfc7540,
	series =	{Request for Comments},
	number=		7540,
	howpublished=	{RFC 7540},
	publisher =	{RFC Editor},
	doi =		{10.17487/rfc7540},
	url =		{https://rfc-editor.org/rfc/rfc7540.txt},
	author=		{Mike Belshe and Roberto Peon and Martin Thomson},
	title=		{{Hypertext Transfer Protocol Version 2 (HTTP/2)}},
	pagetotal =	96,
	year =		2015,
	month =		nov,
	day =		18,
	abstract =	{This specification describes an optimized expression of the semantics of the Hypertext Transfer Protocol (HTTP), referred to as HTTP version 2 (HTTP/2). HTTP/2 enables a more efficient use of network resources and a reduced perception of latency by introducing header field compression and allowing multiple concurrent exchanges on the same connection. It also introduces unsolicited push of representations from servers to clients.},
}